@article{knuth84,
  author = {Knuth, Donald E.},
  title = {Literate Programming},
  year = {1984},
  issue_date = {May 1984},
  publisher = {Oxford University Press, Inc.},
  address = {USA},
  volume = {27},
  number = {2},
  issn = {0010-4620},
  url = {https://doi.org/10.1093/comjnl/27.2.97},
  doi = {10.1093/comjnl/27.2.97},
  journal = {Comput. J.},
  month = may,
  pages = {97–111},
  numpages = {15}
}



@article{armstrong2013,
	title = {Diel horizontal migration in streams: Juvenile fish exploit spatial heterogeneity in thermal and trophic resources},
	author = {Armstrong, Jonathan B. and Schindler, Daniel E. and Ruff, Casey P. and Brooks, Gabriel T. and Bentley, Kale E. and Torgersen, Christian E.},
	year = {2013},
	month = {09},
	date = {2013-09},
	journal = {Ecology},
	pages = {2066--2075},
	volume = {94},
	number = {9},
	doi = {10.1890/12-1200.1},
	url = {http://dx.doi.org/10.1890/12-1200.1},
	langid = {en}
}

@article{gerlach2021,
	title = {Using Remote Sensing and Machine Learning to Locate Groundwater Discharge to Salmon-Bearing Streams},
	author = {Gerlach, Mary E. and Rains, Kai C. and {Guerrón-Orejuela}, Edgar J. and Kleindl, William J. and Downs, Joni and Landry, Shawn M. and Rains, Mark C.},
	year = {2021},
	month = {12},
	date = {2021-12-24},
	journal = {Remote Sensing},
	pages = {63},
	volume = {14},
	number = {1},
	doi = {10.3390/rs14010063},
	url = {http://dx.doi.org/10.3390/rs14010063},
	langid = {en}
}
